<?xml version="1.0" encoding="UTF-8"?><collection xmlns="http://www.loc.gov/MARC21/slim"><record><leader>00452nam--2200133-i-4500</leader><controlfield tag="001">000001701</controlfield><controlfield tag="002">20161230</controlfield><controlfield tag="005">20161230201024</controlfield><controlfield tag="008">060222s1000------------r-----000-0-eng-d</controlfield><datafield ind1=" " ind2=" " tag="080"><subfield code="a">621.384.64</subfield></datafield><datafield ind1=" " ind2=" " tag="100"><subfield code="a">Goldstein,Charles</subfield></datafield><datafield ind1=" " ind2=" " tag="245"><subfield code="a">Dynamique des particules dans l accelerateur lineaire a ions lourds d orsay (a.l.i.c.e.) focalisation et acceleration</subfield></datafield><datafield ind1=" " ind2=" " tag="260"><subfield code="a">Paris, Faculte Des Sciences  D Orsay, Universite De Paris, 1970. 82 P</subfield></datafield><datafield ind1=" " ind2=" " tag="852"><subfield code="a">35795</subfield></datafield></record></collection>